@article{zhang2022blockchain,
  title={Blockchain and central bank digital currency},
  author={Zhang, Tao and Huang, Zhigang},
  journal={ICT Express},
  volume={8},
  number={2},
  pages={264--270},
  year={2022},
  publisher={Elsevier}
}

@incollection{lamport2019byzantine,
  title={The Byzantine generals problem},
  author={Lamport, Leslie and Shostak, Robert and Pease, Marshall},
  booktitle={Concurrency: the works of leslie lamport},
  pages={203--226},
  year={2019}
}

@article{bamakan2020survey,
  title={A survey of blockchain consensus algorithms performance evaluation criteria},
  author={Bamakan, Seyed Mojtaba Hosseini and Motavali, Amirhossein and Bondarti, Alireza Babaei},
  journal={Expert Systems with Applications},
  volume={154},
  pages={113385},
  year={2020},
  publisher={Elsevier}
}

@article{zbierski2015parallel,
  title={Parallel byzantine fault tolerance},
  author={Zbierski, Maciej},
  journal={Soft Computing in Computer and Information Science},
  pages={321--333},
  year={2015},
  publisher={Springer}
}

@misc{hyperledger,
  title = {A Blockchain Platform for the Enterprise â€” hyperledger-fabricdocs main documentation},
  howpublished = {\url{https://hyperledger-fabric.readthedocs.io/en/release-2.5}},
  year={2021},
  note={Accessed: 2023-10-30}
}

@inproceedings{lovejoy2023hamilton,
  title={Hamilton: A $\{$High-Performance$\}$ Transaction Processor for Central Bank Digital Currencies},
  author={Lovejoy, James and Virza, Madars and Fields, Cory and Karwaski, Kevin and Brownworth, Anders and Narula, Neha},
  booktitle={20th USENIX Symposium on Networked Systems Design and Implementation (NSDI 23)},
  pages={901--915},
  year={2023}
}